@INBOOK{yared,
   title = "Essense and Accidents of Software Engineering",
   author="{Frederick P. Brooks, Jr}",
   publisher = "{University of North Carolina, Chapel Hill}",
   year = "April 1987"
   }
@unpublished{demeke,
        author = "{Theo Dimitrakos, Juan Biccarregui and Ketil Stolen}",
        title = "{CORAS - A Framework for Risk Analysis of Security Critical Systems}",
        note = "{ERCIM News, No. 49, April 2002. http://www.ercim.eu/publication/Ercim\_News/enw49/dimitrakos.html}"
}
